@article{
   author = {Ashida, Yasumasa and Funaki, Ikkoh and Yamakawa, Hiroshi and Kajimura, Yoshihiro and Kojima, Hirotsugu},
   title = {Thrust Evaluation of a Magnetic Sail by Flux-Tube Model},
   journal = {Journal of Propulsion and Power},
   volume = {28},
   number = {3},
   pages = {642-651},
   note = {Times Cited: 3
0
3},
   ISSN = {0748-4658; 1533-3876},
   DOI = {10.2514/1.b34332},
   url = {<Go to ISI>://WOS:000304286500020
http://arc.aiaa.org/doi/abs/10.2514/1.B34332},
   year = {2012},
   type = {Journal Article}
}

